% Example article citation
@article{Bowker1985,
  doi = {10.2307/2617706},
  url = {https://doi.org/10.2307/2617706},
  year = {1985},
  publisher = {Oxford University Press ({OUP})},
  volume = {61},
  number = {4},
  pages = {607--618},
  author = {Mike Bowker and Phil Williams},
  title = {Helsinki and West European Security},
  journal = {International Affairs}
}

@misc{kaggle,
    author    = "fedesoriano",
    title     = "Stellar Classification Dataset - SDSS17",
    url       = "https://www.kaggle.com/datasets/fedesoriano/stellar-classification-dataset-sdss17/"
}

@misc{imbalancedknime,
    author    = "Knime",
    title     = "Learn to Deal with Imbalanced Dataset Classification",
    url       = "https://www.knime.com/blog/correcting-predicted-class-probabilities-in-imbalanced-datasets"
}
@misc{imbalancedwiki,
    author    = "Wikipedia",
    title     = "Oversampling and undersampling in data analysis",
    url       = "https://en.wikipedia.org/wiki/Oversampling_and_undersampling_in_data_analysis"
}

@misc{multiclasswiki,
    author    = "Wikipedia",
    title     = "Multiclass Classification",
    url       = "https://en.wikipedia.org/wiki/Multiclass_classification"
}

@misc{multiclassalgo,
    author    = "Datacamp",
    title     = "Classification Algorithms compatible with Multiclass Classification",
    url       = "https://www.datacamp.com/blog/classification-machine-learning#multi-class-classification-themu"
}